<?xml version="1.0" encoding="UTF-8"?><record xmlns="http://www.loc.gov/MARC21/slim" xmlns:cinclude="http://apache.org/cocoon/include/1.0" xmlns:zs="http://www.loc.gov/zing/srw/">
  <leader>00585nz  a2200157n  4500</leader>
  <controlfield tag="001">no 99043749 </controlfield>
  <controlfield tag="003">DLC</controlfield>
  <controlfield tag="005">19990619053313.4</controlfield>
  <controlfield tag="008">990618n| acannaab|          |a aaa     c</controlfield>
  <datafield tag="010" ind1=" " ind2=" ">
    <subfield code="a">no 99043749 </subfield>
  </datafield>
  <datafield tag="035" ind1=" " ind2=" ">
    <subfield code="a">(OCoLC)oca05009857 </subfield>
  </datafield>
  <datafield tag="040" ind1=" " ind2=" ">
    <subfield code="a">OrU</subfield>
    <subfield code="c">OrU</subfield>
  </datafield>
  <datafield tag="100" ind1="1" ind2="0">
    <subfield code="a">Kutakhov, I︠U︡riĭ</subfield>
  </datafield>
  <datafield tag="400" ind1="1" ind2="0">
    <subfield code="a">Kutakhov, I︠U︡. L.</subfield>
    <subfield code="q">(I︠U︡riĭ Lʹvovich)</subfield>
  </datafield>
  <datafield tag="400" ind1="1" ind2="0">
    <subfield code="a">Kutakhov, Yury</subfield>
  </datafield>
  <datafield tag="670" ind1=" " ind2=" ">
    <subfield code="a">Chelovek--poliėtnicheskiĭ mir--bezopasnostʹ, 1998:</subfield>
    <subfield code="b">t.p. (I︠U︡riĭ Kutakhov) t.p. verso (Kutakhov I︠U︡. L.) colophon (I︠U︡riĭ Lʹvovich Kutakhov) added t.p. (Yury Kutakhov)</subfield>
  </datafield>
</record>